@misc{camembert,
    title = {CamemBERT},
    howpublished = {\url{https://huggingface.co/docs/transformers/model_doc/camembert}},
}

@article{loshchilov2017decoupled,
    title={Decoupled Weight Decay Regularization},
    author={Ilya Loshchilov and Frank Hutter},
    journal={arXiv preprint arXiv:1711.05101},
    year={2017}
}

@article{devlin2018bert,
    title={BERT: Pre-training of Deep Bidirectional Transformers for Language Understanding},
    author={Jacob Devlin and Ming-Wei Chang and Kenton Lee and Kristina Toutanova},
    journal={arXiv preprint arXiv:1810.04805},
    year={2018}
}

@misc{adamw,
  title        = {{AdamW Optimizer -- PyTorch Documentation}},
  howpublished = {\url{https://pytorch.org/docs/stable/generated/torch.optim.AdamW.html}},
}

